@book{Nocedal2006,
author = {Nocedal, J. and Wright, S. J.},
edition = {second},
publisher = {Springer},
title = {{Numerical Optimization}},
year = {2006}
}
